@book{aho-dragon-book-2006,
  title     = {Compilers: Principles, Techniques, and Tools},
  author    = {Alfred V. Aho and Monica S. Lam and Ravi Sethi and Jeffrey D. Ullman},
  year      = {2006},
  edition   = {2},
  publisher = {Pearson},
  note      = {Known as the Dragon Book}
}

@book{hopcroft-ullman,
  title     = {Introduction to Automata Theory, Languages, and Computation},
  author    = {John E. Hopcroft and Jeffrey D. Ullman and Rajeev Motwani},
  year      = {2006},
  edition   = {3},
  publisher = {Pearson}
}

@misc{flex-manual,
  title        = {Flex -- The Fast Lexical Analyzer},
  howpublished = {\url{https://westes.github.io/flex/manual/}},
  note         = {Accessed 2025-10-06}
}

@book{antlr-book,
  title     = {The Definitive ANTLR 4 Reference},
  author    = {Terence Parr},
  year      = {2013},
  publisher = {Pragmatic Bookshelf}
}

@misc{antlr-docs,
  title        = {ANTLR 4 Documentation},
  howpublished = {\url{https://github.com/antlr/antlr4/blob/master/doc/index.md}},
  note         = {Accessed 2025-10-06}
}

@book{parr-rl,
  title     = {Language Implementation Patterns},
  author    = {Terence Parr},
  year      = {2009},
  publisher = {Pragmatic Bookshelf}
}

@misc{llvm-langref,
  title        = {LLVM Language Reference Manual},
  howpublished = {\url{https://llvm.org/docs/LangRef.html}},
  note         = {Accessed 2025-10-06}
}

@book{grune-parsing,
  title     = {Parsing Techniques: A Practical Guide},
  author    = {Dick Grune and Ceriel J.H. Jacobs},
  year      = {2008},
  edition   = {2},
  publisher = {Springer},
  note      = {Openly available draft: \url{https://www.cs.vu.nl/~dick/PT2Ed/}}
}

@book{sipser,
  title     = {Introduction to the Theory of Computation},
  author    = {Michael Sipser},
  year      = {2012},
  edition   = {3},
  publisher = {Cengage}
}

@book{muchnick,
  title     = {Advanced Compiler Design and Implementation},
  author    = {Steven S. Muchnick},
  year      = {1997},
  publisher = {Morgan Kaufmann}
}

@book{appel-modern,
  title     = {Modern Compiler Implementation in ML},
  author    = {Andrew W. Appel},
  year      = {1998},
  publisher = {Cambridge University Press}
}

@misc{jvm-spec,
  title        = {The Java Virtual Machine Specification},
  howpublished = {\url{https://docs.oracle.com/javase/specs/}},
  note         = {Accessed 2025-10-06}
}

@misc{v8-design,
  title        = {V8 Design Elements},
  howpublished = {\url{https://v8.dev/docs/turbofan}},
  note         = {Accessed 2025-10-06}
}

@misc{dotnet-ecma,
  title        = {ECMA-335 Common Language Infrastructure (CLI)},
  howpublished = {\url{https://www.ecma-international.org/publications-and-standards/standards/ecma-335/}},
  note         = {Accessed 2025-10-06}
}

@misc{bison-manual,
  title        = {GNU Bison Manual},
  howpublished = {\url{https://www.gnu.org/software/bison/manual/}},
  note         = {Accessed 2025-10-06}
}

@misc{c-spec,
  title        = {C Language Specification (ISO C11 Draft N1570)},
  howpublished = {\url{http://www.open-std.org/jtc1/sc22/wg14/www/docs/n1570.pdf}},
  note         = {Accessed 2025-10-06}
}

@book{pierce-types,
  title     = {Types and Programming Languages},
  author    = {Benjamin C. Pierce},
  year      = {2002},
  publisher = {MIT Press}
}

@misc{menhir,
  title        = {The Menhir Parser Generator},
  howpublished = {\url{http://gallium.inria.fr/~fpottier/menhir/}},
  note         = {Accessed 2025-10-06}
}

@misc{nystrom-crafting-interpreters,
  title        = {Crafting Interpreters},
  author       = {Robert Nystrom},
  year         = {2021},
  howpublished = {\url{https://craftinginterpreters.com/}},
  note         = {Accessed 2025-10-06}
}
