@book{Mogensen2010,
  title={Basics of Compiler Design},
  author={Torben \AE. Mogensen},
  year={2010},
  edition={1st},
  publisher={IT University of Copenhagen},
  url={https://www.itu.dk/~torbenm/Basics/},
  note={Open-access textbook}
}

@book{Wirth1996,
  title={Compiler Construction},
  author={Niklaus Wirth},
  year={1996},
  publisher={Addison-Wesley},
  url={https://people.inf.ethz.ch/wirth/CompilerConstruction/CompilerConstruction1.pdf},
  note={Open-access PDF}
}

@misc{CS143,
  title={Stanford CS143: Compilers},
  author={Alex Aiken},
  howpublished={Course notes},
  year={2006--2012},
  url={https://web.stanford.edu/class/cs143/},
  note={Open course materials}
}

@misc{NPTELCompiler,
  title={Compiler Design},
  author={NPTEL},
  howpublished={Online course},
  year={2012},
  url={https://nptel.ac.in/courses/106/103/106103011/},
  note={Open course with notes and videos}
}

@misc{LLVMOverview,
  title={The LLVM Compiler Infrastructure Project},
  author={LLVM Project},
  year={2025},
  url={https://llvm.org/docs/},
  note={Official documentation}
}

@misc{GCCInternals,
  title={GCC Internals},
  author={GNU Project},
  year={2025},
  url={https://gcc.gnu.org/onlinedocs/gccint/},
  note={Official documentation}
}

@manual{FlexManual,
  title={flex - The Fast Lexical Analyzer},
  author={Vern Paxson and Will Estes and John Levine},
  year={2022},
  url={https://westes.github.io/flex/manual/},
  note={Official manual}
}

@manual{BisonManual,
  title={GNU Bison Manual},
  author={Charles Donnelly and Richard Stallman and Akim Demaille},
  year={2024},
  url={https://www.gnu.org/software/bison/manual/},
  note={Official manual}
}

@misc{ANTLRDocs,
  title={ANTLR 4 Documentation},
  author={Terence Parr},
  year={2025},
  url={https://github.com/antlr/antlr4/blob/master/doc/index.md},
  note={Project documentation}
}

@misc{WikiChomsky,
  title={Chomsky hierarchy},
  author={{Wikipedia}},
  year={2024},
  key={WikiChomsky},
  url={https://en.wikipedia.org/wiki/Chomsky_hierarchy},
  note={CC-BY-SA}
}

@misc{WikiRegex,
  title={Regular expression},
  author={{Wikipedia}},
  year={2024}, key={WikiRegex},
  url={https://en.wikipedia.org/wiki/Regular_expression},
  note={CC-BY-SA}
}

@misc{WikiDFA,
  title={Deterministic finite automaton},
  author={{Wikipedia}},
  year={2024}, key={WikiDFA},
  url={https://en.wikipedia.org/wiki/Deterministic_finite_automaton},
  note={CC-BY-SA}
}

@misc{WikiNFA,
  title={Nondeterministic finite automaton},
  author={{Wikipedia}},
  year={2024}, key={WikiNFA},
  url={https://en.wikipedia.org/wiki/Nondeterministic_finite_automaton},
  note={CC-BY-SA}
}

@misc{WikiDFAMin,
  title={DFA minimization},
  author={{Wikipedia}},
  year={2024}, key={WikiDFAMin},
  url={https://en.wikipedia.org/wiki/DFA_minimization},
  note={CC-BY-SA}
}

@misc{WikiRecursiveDescent,
  title={Recursive descent parser},
  author={{Wikipedia}},
  year={2024}, key={WikiRecursiveDescent},
  url={https://en.wikipedia.org/wiki/Recursive_descent_parser},
  note={CC-BY-SA}
}

@misc{WikiPredictiveParser,
  title={Predictive parser},
  author={{Wikipedia}},
  year={2024}, key={WikiPredictiveParser},
  url={https://en.wikipedia.org/wiki/LL_parser#Predictive_parsing},
  note={CC-BY-SA}
}

@misc{WikiLL,
  title={LL parser},
  author={{Wikipedia}},
  year={2024}, key={WikiLL},
  url={https://en.wikipedia.org/wiki/LL_parser},
  note={CC-BY-SA}
}

@misc{WikiLR,
  title={LR parser},
  author={{Wikipedia}},
  year={2024}, key={WikiLR},
  url={https://en.wikipedia.org/wiki/LR_parser},
  note={CC-BY-SA}
}

@misc{WikiSLR,
  title={Simple LR parser},
  author={{Wikipedia}},
  year={2024}, key={WikiSLR},
  url={https://en.wikipedia.org/wiki/LR_parser#SLR_parser},
  note={CC-BY-SA}
}

@misc{WikiLALR,
  title={Look-ahead LR parser},
  author={{Wikipedia}},
  year={2024}, key={WikiLALR},
  url={https://en.wikipedia.org/wiki/Look-ahead_LR_parser},
  note={CC-BY-SA}
}

@misc{WikiOperatorPrecedence,
  title={Operator-precedence parser},
  author={{Wikipedia}},
  year={2024}, key={WikiOperatorPrecedence},
  url={https://en.wikipedia.org/wiki/Operator-precedence_parser},
  note={CC-BY-SA}
}

@misc{WikiShiftReduce,
  title={Shift-reduce parser},
  author={{Wikipedia}},
  year={2024}, key={WikiShiftReduce},
  url={https://en.wikipedia.org/wiki/Shift-reduce_parser},
  note={CC-BY-SA}
}

@misc{WikiFirstFollow,
  title={LL parser: First and Follow},
  author={{Wikipedia}},
  year={2024}, key={WikiFirstFollow},
  url={https://en.wikipedia.org/wiki/LL_parser#FIRST_and_FOLLOW_sets},
  note={CC-BY-SA}
}

@misc{WikiAttributeGrammar,
  title={Attribute grammar},
  author={{Wikipedia}},
  year={2024}, key={WikiAttributeGrammar},
  url={https://en.wikipedia.org/wiki/Attribute_grammar},
  note={CC-BY-SA}
}

@misc{WikiSDT,
  title={Syntax-directed translation},
  author={{Wikipedia}},
  year={2024}, key={WikiSDT},
  url={https://en.wikipedia.org/wiki/Syntax-directed_translation},
  note={CC-BY-SA}
}

@misc{WikiTypeSystem,
  title={Type system},
  author={{Wikipedia}},
  year={2024}, key={WikiTypeSystem},
  url={https://en.wikipedia.org/wiki/Type_system},
  note={CC-BY-SA}
}

@misc{WikiTypeChecking,
  title={Type checking},
  author={{Wikipedia}},
  year={2024}, key={WikiTypeChecking},
  url={https://en.wikipedia.org/wiki/Type_checking},
  note={CC-BY-SA}
}

@misc{WikiCoercion,
  title={Type conversion},
  author={{Wikipedia}},
  year={2024}, key={WikiCoercion},
  url={https://en.wikipedia.org/wiki/Type_conversion},
  note={CC-BY-SA}
}

@misc{WikiSemanticError,
  title={Semantics (computer science)},
  author={{Wikipedia}},
  year={2024}, key={WikiSemanticError},
  url={https://en.wikipedia.org/wiki/Semantics_(computer_science)},
  note={CC-BY-SA}
}

@misc{WikiTAC,
  title={Three-address code},
  author={{Wikipedia}},
  year={2024}, key={WikiTAC},
  url={https://en.wikipedia.org/wiki/Three-address_code},
  note={CC-BY-SA}
}

@misc{WikiAST,
  title={Abstract syntax tree},
  author={{Wikipedia}},
  year={2024}, key={WikiAST},
  url={https://en.wikipedia.org/wiki/Abstract_syntax_tree},
  note={CC-BY-SA}
}

@misc{WikiPostfix,
  title={Reverse Polish notation},
  author={{Wikipedia}},
  year={2024}, key={WikiPostfix},
  url={https://en.wikipedia.org/wiki/Reverse_Polish_notation},
  note={CC-BY-SA}
}

@misc{WikiOptimization,
  title={Compiler optimization},
  author={{Wikipedia}},
  year={2024}, key={WikiOptimization},
  url={https://en.wikipedia.org/wiki/Compiler_optimization},
  note={CC-BY-SA}
}

@misc{WikiConstantFolding,
  title={Constant folding},
  author={{Wikipedia}},
  year={2024}, key={WikiConstantFolding},
  url={https://en.wikipedia.org/wiki/Constant_folding},
  note={CC-BY-SA}
}

@misc{WikiDCE,
  title={Dead code elimination},
  author={{Wikipedia}},
  year={2024}, key={WikiDCE},
  url={https://en.wikipedia.org/wiki/Dead_code_elimination},
  note={CC-BY-SA}
}

@misc{WikiStrengthReduction,
  title={Strength reduction},
  author={{Wikipedia}},
  year={2024}, key={WikiStrengthReduction},
  url={https://en.wikipedia.org/wiki/Strength_reduction},
  note={CC-BY-SA}
}

@misc{WikiCSE,
  title={Common subexpression elimination},
  author={{Wikipedia}},
  year={2024}, key={WikiCSE},
  url={https://en.wikipedia.org/wiki/Common_subexpression_elimination},
  note={CC-BY-SA}
}

@misc{WikiLoopOptimization,
  title={Loop optimization},
  author={{Wikipedia}},
  year={2024}, key={WikiLoopOptimization},
  url={https://en.wikipedia.org/wiki/Loop_optimization},
  note={CC-BY-SA}
}

@misc{WikiDataFlow,
  title={Data-flow analysis},
  author={{Wikipedia}},
  year={2024}, key={WikiDataFlow},
  url={https://en.wikipedia.org/wiki/Data-flow_analysis},
  note={CC-BY-SA}
}

@misc{WikiReachingDef,
  title={Reaching definition},
  author={{Wikipedia}},
  year={2024}, key={WikiReachingDef},
  url={https://en.wikipedia.org/wiki/Reaching_definition},
  note={CC-BY-SA}
}

@misc{WikiLiveVariables,
  title={Live variable analysis},
  author={{Wikipedia}},
  year={2024}, key={WikiLiveVariables},
  url={https://en.wikipedia.org/wiki/Live_variable_analysis},
  note={CC-BY-SA}
}

@misc{WikiAvailableExpr,
  title={Available expression},
  author={{Wikipedia}},
  year={2024}, key={WikiAvailableExpr},
  url={https://en.wikipedia.org/wiki/Available_expression},
  note={CC-BY-SA}
}

@misc{WikiRegisterAllocation,
  title={Register allocation},
  author={{Wikipedia}},
  year={2024}, key={WikiRegisterAllocation},
  url={https://en.wikipedia.org/wiki/Register_allocation},
  note={CC-BY-SA}
}

@misc{WikiInstructionSelection,
  title={Instruction selection},
  author={{Wikipedia}},
  year={2024}, key={WikiInstructionSelection},
  url={https://en.wikipedia.org/wiki/Instruction_selection},
  note={CC-BY-SA}
}

@misc{WikiPeephole,
  title={Peephole optimization},
  author={{Wikipedia}},
  year={2024}, key={WikiPeephole},
  url={https://en.wikipedia.org/wiki/Peephole_optimization},
  note={CC-BY-SA}
}

@misc{WikiMemory,
  title={Memory management},
  author={{Wikipedia}},
  year={2024}, key={WikiMemory},
  url={https://en.wikipedia.org/wiki/Memory_management},
  note={CC-BY-SA}
}

@misc{WikiCallStack,
  title={Call stack},
  author={{Wikipedia}},
  year={2024}, key={WikiCallStack},
  url={https://en.wikipedia.org/wiki/Call_stack},
  note={CC-BY-SA}
}
